@article{roch2015likelihood,
  title={Likelihood-based tree reconstruction on a concatenation of aligned sequence data sets can be statistically inconsistent},
  author={Roch, Sebastien and Steel, Mike},
  journal={Theoretical population biology},
  volume={100},
  pages={56--62},
  year={2015},
  publisher={Elsevier}
}
@article{kubatko2007inconsistency,
  title={Inconsistency of phylogenetic estimates from concatenated data under coalescence},
  author={Kubatko, Laura Salter and Degnan, James H},
  journal={Systematic Biology},
  volume={56},
  number={1},
  pages={17--24},
  year={2007},
  publisher={Society of Systematic Zoology}
}
@article{kohli2017role,
  title={Role of Modular Polyketide Synthases in the Production of Polyether Ladder Compounds in Ciguatoxin-Producing \emph{Gambierdiscus polynesiensis} and \emph{G. excentricus} ({D}inophyceae)},
  author={Kohli, Gurjeet S and Campbell, Katrina and John, Uwe and Smith, Kirsty F and Fraga, Santiago and Rhodes, Lesley L and Murray, Shauna A},
  journal={Journal of Eukaryotic Microbiology},
  year={2017},
  publisher={Wiley Online Library}
}
@article{keeling2014marine,
title={The {M}arine {M}icrobial {E}ukaryote {T}ranscriptome {S}equencing {P}roject {(MMETSP)}: illuminating the functional diversity of eukaryotic life in the oceans through transcriptome sequencing},
author={Keeling, Patrick J and Burki, Fabien and Wilcox, Heather M and Allam, Bassem and Allen, Eric E and Amaral-Zettler, Linda A and Armbrust, E Virginia and Archibald, John M and Bharti, Arvind K and Bell, Callum J and others},
journal={PloS one},
year={2014}
}
@article{whelan2001general,
  title={A general empirical model of protein evolution derived from multiple protein families using a maximum-likelihood approach},
  author={Whelan, Simon and Goldman, Nick},
  journal={Molecular biology and evolution},
  volume={18},
  number={5},
  pages={691--699},
  year={2001},
  publisher={Oxford University Press}
}
@article{drummond2010bayesian,
  title={Bayesian random local clocks, or one rate to rule them all},
  author={Drummond, Alexei J and Suchard, Marc A},
  journal={BMC biology},
  volume={8},
  number={1},
  pages={114},
  year={2010},
  publisher={BioMed Central}
}
@article{ayres2011beagle,
  title={{BEAGLE}: an application programming interface and high-performance computing library for statistical phylogenetics},
  author={Ayres, Daniel L and Darling, Aaron and Zwickl, Derrick J and Beerli, Peter and Holder, Mark T and Lewis, Paul O and Huelsenbeck, John P and Ronquist, Fredrik and Swofford, David L and Cummings, Michael P and others},
  journal={Systematic biology},
  volume={61},
  number={1},
  pages={170--173},
  year={2011},
  publisher={Oxford University Press}
}
@article{conesa2005blast2go,
  title={{Blast2GO}: a universal tool for annotation, visualization and analysis in functional genomics research},
  author={Conesa, Ana and G{\"o}tz, Stefan and Garc{\'\i}a-G{\'o}mez, Juan Miguel and Terol, Javier and Tal{\'o}n, Manuel and Robles, Montserrat},
  journal={Bioinformatics},
  volume={21},
  number={18},
  pages={3674--3676},
  year={2005},
  publisher={Oxford University Press}
}
@article{murray2005improving,
title={Improving the analysis of dinoflagellate phylogeny based on {rDNA}},
author={Murray, Shauna and J{\o}rgensen, M{\aa}rten Fl{\o} and Ho, Simon YW and Patterson, David J and Jermiin, Lars S},
journal={Protist},
volume={156},
number={3},
pages={269--286},
year={2005},
publisher={Elsevier}
}
@article{saldarriaga2004molecular,
  title={Molecular data and the evolutionary history of dinoflagellates},
  author={Saldarriaga, Juan F and Cavalier-Smith, Thomas and Menden-Deuer, Susanne and Keeling, Patrick J and others},
  journal={European journal of protistology},
  volume={40},
  number={1},
  pages={85--111},
  year={2004},
  publisher={Elsevier}
}
@article{orr2012naked,
title={When naked became armored: an eight-gene phylogeny reveals monophyletic origin of theca in dinoflagellates},
author={Orr, Russell JS and Murray, Shauna A and St{\"u}ken, Anke and Rhodes, Lesley and Jakobsen, Kjetill S},
journal={PLoS ONE},
year={2012}
}
@article{shalchian2006combined,
  title={Combined heat shock protein 90 and ribosomal {RNA} sequence phylogeny supports multiple replacements of dinoflagellate plastids},
  author={SHALCHIAN-TABRIZI, KAMRAN and MINGE, MARIANNE A and CAVALIER-SMITH, TOM and NEDREKLEPP, JOACHIM M and Klaveness, Dag and JAKOBSEN, KJETILL S},
  journal={Journal of Eukaryotic Microbiology},
  volume={53},
  number={3},
  pages={217--224},
  year={2006},
  publisher={Wiley Online Library}
}
